<record><leader>00000cas a22000007a 4500</leader><controlfield tag="001">10827867</controlfield><controlfield tag="008">840611d18391840nhuwr ne      0    0eng  </controlfield><controlfield tag="009">466</controlfield><datafield ind1=" " ind2=" " tag="010"><subfield code="a">sn 84020466 </subfield></datafield><datafield ind1=" " ind2=" " tag="040"><subfield code="a">DLC</subfield><subfield code="b">eng</subfield><subfield code="c">DLC</subfield><subfield code="d">NPU</subfield><subfield code="d">NVH</subfield></datafield><datafield ind1="1" ind2=" " tag="029"><subfield code="a">AU@</subfield><subfield code="b">000025810688</subfield></datafield><datafield ind1=" " ind2=" " tag="042"><subfield code="a">msc</subfield></datafield><datafield ind1="0" ind2="0" tag="050"><subfield code="a">Newspaper 8704</subfield></datafield><datafield ind1="0" ind2="0" tag="245"><subfield code="a">Christian panoply.</subfield></datafield><datafield ind1=" " ind2=" " tag="260"><subfield code="a">Concord, N.H. :</subfield><subfield code="b">D. Kimball,</subfield></datafield><datafield ind1=" " ind2=" " tag="300"><subfield code="a">v.</subfield></datafield><datafield ind1=" " ind2=" " tag="310"><subfield code="a">Weekly</subfield></datafield><datafield ind1="0" ind2=" " tag="362"><subfield code="a">New ser., vol. 1, no. 1 (Jan. 4, 1839)-new ser., v. 2, no. 51 (Dec. 18, 1840) =   -v. 22, no. 1144.</subfield></datafield><datafield ind1=" " ind2=" " tag="515"><subfield code="a">Vol. 1, no. 2 (Jan. 11, 1839)-v. 1, no. 36 (Sept. 6, 1839) called also Observer no. 1043-1077.</subfield></datafield><datafield ind1=" " ind2=" " tag="515"><subfield code="a">Vol. 1, no. 37 (Sept. 13, 1839)- called also v. 21, no. 1078-</subfield></datafield><datafield ind1=" " ind2=" " tag="752"><subfield code="a">United States</subfield><subfield code="b">New Hampshire</subfield><subfield code="c">Merrimack</subfield><subfield code="d">Concord.</subfield></datafield><datafield ind1="0" ind2="0" tag="780"><subfield code="t">New-Hampshire observer</subfield><subfield code="w">(DLC)sn 84020502</subfield></datafield><datafield ind1="0" ind2="0" tag="785"><subfield code="t">Congregational journal</subfield><subfield code="w">(DLC)sn 84027630</subfield></datafield></record>